<?xml version = "1.0" encoding = "UTF-8"?><record>
  <leader>01262nam#a2200349#c#4500</leader>
  <controlfield tag="005">20210326225500.0</controlfield>
  <controlfield tag="007">cr#|||||||||||</controlfield>
  <controlfield tag="008">170510|2016####gw######o#####|||#|#ger#c</controlfield>
  <controlfield tag="003">DE-605</controlfield>
  <controlfield tag="001">990218256360206441</controlfield>
  <datafield tag="016" ind1="7" ind2=" ">
    <subfield code="a">1073760936</subfield>
    <subfield code="2">OCoLC</subfield>
  </datafield>
  <datafield tag="020" ind1=" " ind2=" ">
    <subfield code="a">9783863952594</subfield>
    <subfield code="9">978-3-86395-259-4</subfield>
  </datafield>
  <datafield tag="024" ind1="7" ind2=" ">
    <subfield code="a">http://resolver.sub.uni-goettingen.de/purl?univerlag-isbn-978-3-86395-259-4</subfield>
    <subfield code="2">urn</subfield>
  </datafield>
  <datafield tag="035" ind1=" " ind2=" ">
    <subfield code="a">(DE-605)HT019322941</subfield>
  </datafield>
  <datafield tag="040" ind1=" " ind2=" ">
    <subfield code="c">DE-605</subfield>
    <subfield code="a">B 23</subfield>
    <subfield code="b">ger</subfield>
    <subfield code="e">rda</subfield>
    <subfield code="d">DE-605</subfield>
  </datafield>
  <datafield tag="041" ind1=" " ind2=" ">
    <subfield code="a">ger</subfield>
  </datafield>
  <datafield tag="044" ind1=" " ind2=" ">
    <subfield code="c">XA-DE</subfield>
  </datafield>
  <datafield tag="245" ind1="0" ind2="0">
    <subfield code="a">Erhard Weigel (1625-1699) und seine Sch&#252;ler</subfield>
    <subfield code="b">Beitr&#228;ge des 7. Erhard-Weigel-Kolloquiums 2014</subfield>
    <subfield code="c">Katharina Habermann, Klaus-Dieter Herbst (Hg.)</subfield>
  </datafield>
  <datafield tag="264" ind1=" " ind2="1">
    <subfield code="a">G&#246;ttingen</subfield>
    <subfield code="b">Universit&#228;tsverlag G&#246;ttingen</subfield>
    <subfield code="c">2016</subfield>
  </datafield>
  <datafield tag="300" ind1=" " ind2=" ">
    <subfield code="a">1 Online-Ressource (376 Seiten)</subfield>
  </datafield>
  <datafield tag="336" ind1=" " ind2=" ">
    <subfield code="b">txt</subfield>
  </datafield>
  <datafield tag="337" ind1=" " ind2=" ">
    <subfield code="b">c</subfield>
  </datafield>
  <datafield tag="338" ind1=" " ind2=" ">
    <subfield code="b">cr</subfield>
  </datafield>
  <datafield tag="700" ind1="1" ind2=" ">
    <subfield code="a">Habermann, Katharina</subfield>
    <subfield code="d">1966-</subfield>
    <subfield code="0">(DE-588)112163912</subfield>
    <subfield code="4">edt</subfield>
    <subfield code="0">(uri) https://portal.dnb.de/opac.htm?method=simpleSearch&amp;cqlMode=true&amp;query=idn=112163912</subfield>
    <subfield code="0">(uri) http://viaf.org/viaf/sourceID/DNB|112163912</subfield>
    <subfield code="B">GND-112163912</subfield>
  </datafield>
  <datafield tag="700" ind1="1" ind2=" ">
    <subfield code="a">Herbst, Klaus-Dieter</subfield>
    <subfield code="d">1961-</subfield>
    <subfield code="0">(DE-588)136943748</subfield>
    <subfield code="4">edt</subfield>
    <subfield code="0">(uri) https://portal.dnb.de/opac.htm?method=simpleSearch&amp;cqlMode=true&amp;query=idn=136943748</subfield>
    <subfield code="0">(uri) http://viaf.org/viaf/sourceID/DNB|136943748</subfield>
    <subfield code="B">GND-136943748</subfield>
  </datafield>
  <datafield tag="856" ind1="4" ind2="0">
    <subfield code="z">kostenfrei</subfield>
  </datafield>
  <datafield tag="856" ind1="4" ind2="2">
    <subfield code="m">B:DE-101</subfield>
    <subfield code="q">application/pdf</subfield>
    <subfield code="u">http://digitale-objekte.hbz-nrw.de/storage2/2017/09/16/file_24/7383581.pdf</subfield>
    <subfield code="3">Inhaltsverzeichnis</subfield>
    <subfield code="9">O:PKN</subfield>
  </datafield>
  <datafield tag="960" ind1="1" ind2=" ">
    <subfield code="i">iall</subfield>
  </datafield>
  <datafield tag="964" ind1="0" ind2="s">
    <subfield code="F">051</subfield>
    <subfield code="A">m|||||||</subfield>
  </datafield>
  <datafield tag="964" ind1="0" ind2="s">
    <subfield code="F">030</subfield>
    <subfield code="A">a|zur||||||37</subfield>
  </datafield>
  <datafield tag="964" ind1="0" ind2="s">
    <subfield code="F">050</subfield>
    <subfield code="A">||||||||g|||||</subfield>
  </datafield>
  <datafield tag="035" ind1=" " ind2=" ">
    <subfield code="a">(OCoLC)1073760936</subfield>
    <subfield code="0">(uri) http://www.worldcat.org/oclc/1073760936</subfield>
  </datafield>
  <datafield tag="035" ind1=" " ind2=" ">
    <subfield code="a">(DE-599)HBZHT019322941</subfield>
  </datafield>
  <datafield tag="MBD" ind1=" " ind2=" ">
    <subfield code="M">49HBZ_NETWORK</subfield>
    <subfield code="i">990218256360206441</subfield>
    <subfield code="n">HBZ Network</subfield>
  </datafield>
  <datafield tag="MNG" ind1=" " ind2=" ">
    <subfield code="c">System</subfield>
    <subfield code="f">HBZ</subfield>
    <subfield code="i">marc21</subfield>
    <subfield code="h">20210326225500.0</subfield>
    <subfield code="k">01</subfield>
    <subfield code="e">false</subfield>
    <subfield code="d">2021-04-23 20:37:19 Europe/Berlin</subfield>
    <subfield code="g">021825636-HBZ01</subfield>
    <subfield code="j">60</subfield>
    <subfield code="a">import</subfield>
    <subfield code="b">2021-04-06 01:26:30 Europe/Berlin</subfield>
  </datafield>
  <datafield tag="GPN" ind1="1" ind2=" ">
    <subfield code="a">Habermann, K.</subfield>
    <subfield code="d">1966-</subfield>
    <subfield code="A">GND</subfield>
    <subfield code="B">GND-112163912</subfield>
    <subfield code="C">400</subfield>
  </datafield>
  <datafield tag="GSI" ind1="7" ind2=" ">
    <subfield code="a">http://d-nb.info/gnd/112163912</subfield>
    <subfield code="2">uri</subfield>
    <subfield code="A">GND</subfield>
    <subfield code="B">GND-112163912</subfield>
    <subfield code="C">024</subfield>
  </datafield>
  <datafield tag="GSI" ind1="7" ind2=" ">
    <subfield code="a">136943748</subfield>
    <subfield code="0">http://d-nb.info/gnd/136943748</subfield>
    <subfield code="2">gnd</subfield>
    <subfield code="A">GND</subfield>
    <subfield code="B">GND-136943748</subfield>
    <subfield code="C">024</subfield>
  </datafield>
</record>